@article{opencv_library,
    author = {Bradski, G.},
    citeulike-article-id = {2236121},
    journal = {Dr. Dobb's Journal of Software Tools},
    keywords = {bibtex-import},
    posted-at = {2008-01-15 19:21:54},
    priority = {4},
    title = {{The OpenCV Library}},
    year = {2000}
}

@misc{tensorflow2015-whitepaper,
title={ {TensorFlow}: Large-Scale Machine Learning on Heterogeneous Systems},
url={https://www.tensorflow.org/},
note={Software available from tensorflow.org},
author={
    Mart\'{i}n~Abadi and
    Ashish~Agarwal and
    Paul~Barham and
    Eugene~Brevdo and
    Zhifeng~Chen and
    Craig~Citro and
    Greg~S.~Corrado and
    Andy~Davis and
    Jeffrey~Dean and
    Matthieu~Devin and
    Sanjay~Ghemawat and
    Ian~Goodfellow and
    Andrew~Harp and
    Geoffrey~Irving and
    Michael~Isard and
    Yangqing Jia and
    Rafal~Jozefowicz and
    Lukasz~Kaiser and
    Manjunath~Kudlur and
    Josh~Levenberg and
    Dandelion~Man\'{e} and
    Rajat~Monga and
    Sherry~Moore and
    Derek~Murray and
    Chris~Olah and
    Mike~Schuster and
    Jonathon~Shlens and
    Benoit~Steiner and
    Ilya~Sutskever and
    Kunal~Talwar and
    Paul~Tucker and
    Vincent~Vanhoucke and
    Vijay~Vasudevan and
    Fernanda~Vi\'{e}gas and
    Oriol~Vinyals and
    Pete~Warden and
    Martin~Wattenberg and
    Martin~Wicke and
    Yuan~Yu and
    Xiaoqiang~Zheng},
  year={2015},
}

@misc{chollet2015keras,
  title = {Keras},
  author = {Chollet, Fran\c{c}ois and others},
  year = {2015},
  howpublished = {\url{https://keras.io}},
}

@article{harris2020array,
 title = {Array programming with {NumPy}},
 author = {Charles R. Harris and K. Jarrod Millman and St{\'{e}}fan J. van der
    Walt and Ralf Gommers and Pauli Virtanen and David Cournapeau and Eric
    Wieser and Julian Taylor and Sebastian Berg and Nathaniel J. Smith and
    Robert Kern and Matti Picus and Stephan Hoyer and Marten H. van Kerkwijk
    and Matthew Brett and Allan Haldane and Jaime Fern{\'{a}}ndez del R{\'{i}}o
    and Mark Wiebe and Pearu Peterson and Pierre G{\'{e}}rard-Marchant and
    Kevin Sheppard and Tyler Reddy and Warren Weckesser and Hameer Abbasi and
    Christoph Gohlke and Travis E. Oliphant},
 year = {2020},
 month = sep,
 journal = {Nature},
 volume = {585},
 number = {7825},
 pages = {357--362},
 doi = {10.1038/s41586-020-2649-2},
 publisher = {Springer Science and Business Media {LLC}},
 url = {https://doi.org/10.1038/s41586-020-2649-2}
}

@article{lecun1998gradient,
  title={Gradient-based learning applied to document recognition},
  author={LeCun, Yann and Bottou, L{\'e}on and Bengio, Yoshua and Haffner, Patrick},
  journal={Proceedings of the IEEE},
  volume={86},
  number={11},
  pages={2278--2324},
  year={1998},
  publisher={Ieee}
}
